<?xml version="1.0" encoding="UTF-8"?><collection xmlns="http://www.loc.gov/MARC21/slim"><record><leader>00337nam--2200121-i-4500</leader><controlfield tag="001">000025532</controlfield><controlfield tag="002">20161230</controlfield><controlfield tag="005">20161230201036</controlfield><controlfield tag="008">060222s1000------------r-----000-0-eng-d</controlfield><datafield ind1=" " ind2=" " tag="100"><subfield code="a">Jukes, J.D</subfield></datafield><datafield ind1=" " ind2=" " tag="245"><subfield code="a">Man-made sun. the story of zeta. with a foreword by sir george thomson</subfield></datafield><datafield ind1=" " ind2=" " tag="260"><subfield code="a">London, Abelard-schuman, 1959, 135p</subfield></datafield><datafield ind1=" " ind2=" " tag="852"><subfield code="a">12475</subfield></datafield></record></collection>